@article{1_HAR_Survey,
	title = {Sensor-based and vision-based human activity recognition: A comprehensive survey},
	journal = {Pattern Recognition},
	volume = {108},
	pages = {107561},
	year = {2020},
	issn = {0031-3203},
	doi = {https://doi.org/10.1016/j.patcog.2020.107561},
	url = {https://www.sciencedirect.com/science/article/pii/S0031320320303642},
	author = {L. {Minh Dang} and Kyungbok Min and Hanxiang Wang and Md. {Jalil Piran} and Cheol {Hee Lee} and Hyeonjoon Moon},
	keywords = {Human activity recognition, Action recognition, Sensors, Vision, Human-centric sensing, Deep learning, Context-awareness},
}

@article{2_Real_Time_HAR,
	author = {qi, Wen and Su, Hang and Aliverti, Andrea},
	year = {2020},
	month = {04},
	pages = {1-10},
	title = {A Smartphone-Based Adaptive Recognition and Real-Time Monitoring System for Human Activities},
	volume = {PP},
	journal = {IEEE Transactions on Human-Machine Systems},
	doi = {10.1109/THMS.2020.2984181}
}

@article{4_HAR_Features,
	author = {Nandy, Asmita and Saha, Jayita and Chowdhury, Chandreyee},
	year = {2020},
	month = {06},
	pages = {},
	title = {Novel features for intensive human activity recognition based on wearable and smartphone sensors},
	volume = {26},
	journal = {Microsystem Technologies},
	doi = {10.1007/s00542-019-04738-z}
}

@article{6_Lightweight_HAR,
	AUTHOR = {Bragança, Hendrio and Colonna, Juan G. and Lima, Wesllen Sousa and Souto, Eduardo},
	TITLE = {A Smartphone Lightweight Method for Human Activity Recognition Based on Information Theory},
	JOURNAL = {Sensors},
	VOLUME = {20},
	YEAR = {2020},
	NUMBER = {7},
	ARTICLE-NUMBER = {1856},
	URL = {https://www.mdpi.com/1424-8220/20/7/1856},
	ISSN = {1424-8220},
	DOI = {10.3390/s20071856}
}

@article{7_ML_DL_Survey,
	author = {Thakur, Dipanwita and Biswas, Suparna},
	year = {2020},
	month = {11},
	pages = {},
	title = {Smartphone based human activity monitoring and recognition using ML and DL: a comprehensive survey},
	volume = {11},
	journal = {Journal of Ambient Intelligence and Humanized Computing},
	doi = {10.1007/s12652-020-01899-y}
}

@article{13_LL_HL_HAR,
	author = {López-Nava, Irvin and Muñoz-Meléndez, Angélica},
	year = {2019},
	month = {12},
	pages = {},
	title = {Human action recognition based on low-and high-level data from wearable inertial sensors},
	volume = {15},
	journal = {International Journal of Distributed Sensor Networks},
	doi = {10.1177/1550147719894532}
}

@article{16_High_Accuracy_HAR,
	author = {Gani, Md Osman and Fayezeen, Taskina and Povinelli, Richard and Smith, Roger and Arif, Muhammad and Kattan, Ahmed and Ahamed, Sheikh},
	year = {2019},
	month = {05},
	pages = {},
	title = {A light weight smartphone based human activity recognition system with high accuracy},
	volume = {141},
	journal = {Journal of Network and Computer Applications},
	doi = {10.1016/j.jnca.2019.05.001}
}

@article{19_HAR_Overview,
	author = {Sousa Lima, Wesllen and Souto, Eduardo and El-Khatib, Khalil and Jalali, Roozbeh and Gama, João},
	year = {2019},
	month = {07},
	pages = {3213},
	title = {Human Activity Recognition Using Inertial Sensors in a Smartphone: An Overview},
	volume = {19},
	journal = {Sensors},
	doi = {10.3390/s19143213}
}

@article{21_HAR_Smartphone,
	AUTHOR = {Voicu, Robert-Andrei and Dobre, Ciprian and Bajenaru, Lidia and Ciobanu, Radu-Ioan},
	TITLE = {Human Physical Activity Recognition Using Smartphone Sensors},
	JOURNAL = {Sensors},
	VOLUME = {19},
	YEAR = {2019},
	NUMBER = {3},
	ARTICLE-NUMBER = {458},
	URL = {https://www.mdpi.com/1424-8220/19/3/458},
	ISSN = {1424-8220},
	DOI = {10.3390/s19030458}
}

@article{22_HAR_Survey_Ultrasonic,
	author={Z. {Wang} and Y. {Hou} and K. {Jiang} and C. {Zhang} and W. {Dou} and Z. {Huang} and Y. {Guo}},
	journal={IEEE Access}, 
	title={A Survey on Human Behavior Recognition Using Smartphone-Based Ultrasonic Signal}, 
	year={2019},
	volume={7},
	number={},
	pages={100581-100604},
	doi={10.1109/ACCESS.2019.2931088}
}

@article{25_Gazed_Text_HAR,
	author    = {Shun Chiba and Tomo Miyazaki and Yoshihiro Sugaya and Shinichiro Omachi},
	title     = {Activity Recognition Using Gazed Text and Viewpoint Information for User Support Systems},
	journal   = {J. Sens. Actuator Networks},
	volume    = {7},
	number    = {3},
	pages     = {31},
	year      = {2018},
	url       = {https://doi.org/10.3390/jsan7030031},
	doi       = {10.3390/jsan7030031}
}

@article{26_Mobility_Sensing,
	author = {Kim, Youngsung and Ghorpade, Ajinkya and Zhao, Fang and Pereira, Francisco and Zegras, Chris and Ben-Akiva, Moshe},
	year = {2018},
	month = {07},
	pages = {5-23},
	title = {Activity Recognition for a Smartphone and Web-Based Human Mobility Sensing System},
	volume = {33},
	journal = {IEEE Intelligent Systems},
	doi = {10.1109/MIS.2018.043741317}
}

@article{29_Daily_Sport_HAR,
	author = {Hsu, Yu-Liang and Yang, Shih-Chin and Chang, Hsing-Cheng and Lai, Hung-Che},
	year = {2018},
	month = {05},
	pages = {1-1},
	title = {Human Daily and Sport Activity Recognition Using a Wearable Inertial Sensor Network},
	volume = {PP},
	journal = {IEEE Access},
	doi = {10.1109/ACCESS.2018.2839766}
}

@article{30_Context_Awareness,
	author={J. {Wannenburg} and R. {Malekian}},
	journal={IEEE Transactions on Systems, Man, and Cybernetics: Systems}, 
	title={Physical Activity Recognition From Smartphone Accelerometer Data for User Context Awareness Sensing}, 
	year={2017},
	volume={47},
	number={12},
	pages={3142-3149},
	doi={10.1109/TSMC.2016.2562509}
}

@article{32_Accel_Phone_HAR,
	author = {Heng, Xia and Wang, Zhongmin and Wang, Jiacun},
	year = {2014},
	month = {10},
	pages = {},
	title = {Human activity recognition based on transformed accelerometer data from a mobile phone},
	volume = {29},
	journal = {International Journal of Communication Systems},
	doi = {10.1002/dac.2888}
}

@article{33_Inertial_Study,
	author={A. {Wang} and G. {Chen} and J. {Yang} and S. {Zhao} and C. {Chang}},
	journal={IEEE Sensors Journal}, 
	title={A Comparative Study on Human Activity Recognition Using Inertial Sensors in a Smartphone}, 
	year={2016},
	volume={16},
	number={11},
	pages={4566-4578},
	doi={10.1109/JSEN.2016.2545708}
}

@article{35_HAR_Wearable_Review,
	author = {Mukhopadhyay, S.C.},
	year = {2015},
	month = {03},
	pages = {1321-1330},
	title = {Wearable Sensors for Human Activity Monitoring: A Review},
	volume = {15},
	journal = {Sensors Journal, IEEE},
	doi = {10.1109/JSEN.2014.2370945}
}

@article{36_Smart_Home_HAR,
	author = {Sim, Jae and Lee, Yonnim and Kwon, Ohbyung},
	year = {2015},
	month = {09},
	pages = {1-11},
	title = {Acoustic Sensor Based Recognition of Human Activity in Everyday Life for Smart Home Services},
	volume = {2015},
	journal = {International Journal of Distributed Sensor Networks},
	doi = {10.1155/2015/679123}
}

@inproceedings{38_High_Lvl_HAR,
	author = {Manzoor, Atif and Villalonga, Claudia and Calatroni, Alberto and Truong, Hong-Linh and Roggen, Daniel and Dustdar, Schahram and Tröster, Gerhard},
	year = {2010},
	month = {11},
	pages = {149-162},
	title = {Identifying Important Action Primitives for High Level Activity Recognition},
	volume = {6446},
	isbn = {978-3-642-16981-6},
	doi = {10.1007/978-3-642-16982-3_12}
}

@article{39_Wearable_HAR_Survey,
	author={O. D. {Lara} and M. A. {Labrador}},
	journal={IEEE Communications Surveys   Tutorials}, 
	title={A Survey on Human Activity Recognition using Wearable Sensors}, 
	year={2013},
	volume={15},
	number={3},
	pages={1192-1209},
	doi={10.1109/SURV.2012.110112.00192}
}

@inproceedings{42_Micro_AR,
	author={A. {Bansal} and A. {Shukla} and S. {Rastogi} and S. {Mittal}},
	booktitle={2018 8th International Conference on Cloud Computing, Data Science   Engineering (Confluence)}, 
	title={Micro Activity Recognition of Mobile Phone Users Using Inbuilt Sensors}, 
	year={2018},
	volume={},
	number={},
	pages={225-230},
	doi={10.1109/CONFLUENCE.2018.8442663}
}

@inproceedings{46_Indor_Audio_Rec,
	author={P. {Naronglerdrit} and I. {Mporas} and R. {Sotudeh}},
	booktitle={2017 IEEE 13th International Colloquium on Signal Processing   its Applications (CSPA)}, 
	title={Monitoring of indoors human activities using mobile phone audio recordings}, 
	year={2017},
	volume={},
	number={},
	pages={23-28},
	doi={10.1109/CSPA.2017.8064918}
}

@inproceedings{48_Vision_HAR,
	author={E. J. {Amirbandi} and G. {Shamsipour}},
	booktitle={2016 1st Conference on Swarm Intelligence and Evolutionary Computation (CSIEC)}, 
	title={Exploring methods and systems for vision based human activity recognition}, 
	year={2016},
	volume={},
	number={},
	pages={160-164},
	doi={10.1109/CSIEC.2016.7482122}
}

@article{50_Single_Sensor_HAR,
	author={J. {Lu} and X. {Zheng} and M. {Sheng} and J. {Jin} and S. {Yu}},
	journal={IEEE Internet of Things Journal}, 
	title={Efficient Human Activity Recognition Using a Single Wearable Sensor}, 
	year={2020},
	volume={7},
	number={11},
	pages={11137-11146},
	doi={10.1109/JIOT.2020.2995940}
}

@inproceedings{51_Fixbit_tracker,
	author={C. {Martínez-Cruz} and J. M. {Quero} and J. M. {Serrano} and S. {Gramajo}},
	booktitle={2020 IEEE International Conference on Fuzzy Systems (FUZZ-IEEE)}, 
	title={Monwatch: A fuzzy application to monitor the user behavior using wearable trackers}, 
	year={2020},
	volume={},
	number={},
	pages={1-8},
	doi={10.1109/FUZZ48607.2020.9177748}
}

@inproceedings{53_Sensors_Applications,
	author={F. {Fereidoonian} and F. {Firouzi} and B. {Farahani}},
	booktitle={2020 International Conference on Omni-layer Intelligent Systems (COINS)}, 
	title={Human Activity Recognition: From Sensors to Applications}, 
	year={2020},
	volume={},
	number={},
	pages={1-8},
	doi={10.1109/COINS49042.2020.9191417}
}

@inproceedings{54_Accl_GPS_HAR,
	author={S. {Kaghyan} and H. {Sarukhanyan}},
	booktitle={Ninth International Conference on Computer Science and Information Technologies Revised Selected Papers}, 
	title={Accelerometer and GPS sensor combination based system for human activity recognition}, 
	year={2013},
	volume={},
	number={},
	pages={1-9},
	doi={10.1109/CSITechnol.2013.6710352}
}

@inproceedings{56_Dataset_Review,
	author={A. {Das Antar} and M. {Ahmed} and M. A. R. {Ahad}},
	booktitle={2019 Joint 8th International Conference on Informatics, Electronics   Vision (ICIEV) and 2019 3rd International Conference on Imaging, Vision   Pattern Recognition (icIVPR)}, 
	title={Challenges in Sensor-based Human Activity Recognition and a Comparative Analysis of Benchmark Datasets: A Review}, 
	year={2019},
	volume={},
	number={},
	pages={134-139},
	doi={10.1109/ICIEV.2019.8858508}
}

@article{57_SLR,
  author={E. {De-La-Hoz-Franco} and P. {Ariza-Colpas} and J. M. {Quero} and M. {Espinilla}},
  journal={IEEE Access}, 
  title={Sensor-Based Datasets for Human Activity Recognition – A Systematic Review of Literature}, 
  year={2018},
  volume={6},
  number={},
  pages={59192-59210},
  doi={10.1109/ACCESS.2018.2873502}
}


@inproceedings{58_Accl_HAR,
	author={U. {Alrazzak} and B. {Alhalabi}},
	booktitle={2019 Joint 8th International Conference on Informatics, Electronics   Vision (ICIEV) and 2019 3rd International Conference on Imaging, Vision   Pattern Recognition (icIVPR)}, 
	title={A Survey on Human Activity Recognition Using Accelerometer Sensor}, 
	year={2019},
	volume={},
	number={},
	pages={152-159},
	doi={10.1109/ICIEV.2019.8858578}
}

@inproceedings{59_Air_Pressure_HAR,
	author={T. {Ishikawa} and H. {Hayami} and T. {Murakami}},
	booktitle={2017 24th International Conference on Mechatronics and Machine Vision in Practice (M2VIP)}, 
	title={Comprehensive evaluation of human activity classification based on inertia measurement unit with air pressure sensor}, 
	year={2017},
	volume={},
	number={},
	pages={1-6},
	doi={10.1109/M2VIP.2017.8211471}
}

@article{62_The_Long_Review,
	author = {Khusainov, Rinat and Azzi, Djamel and Achumba, Ifeyinwa and Bersch, Sebastian},
	year = {2013},
	month = {10},
	pages = {12852-902},
	title = {Real-Time Human Ambulation, Activity, and Physiological Monitoring: Taxonomy of Issues, Techniques, Applications, Challenges and Limitations},
	volume = {13},
	journal = {Sensors (Basel, Switzerland)},
	doi = {10.3390/s131012852}
}
