@online {GA_Events,
	author = {Google LLC},
	title = "{About Events - Analytics Help}",
	howpublished = "\url{https://support.google.com/analytics/answer/1033068}",
	note = "(data dostępu 21.04.2021)"
}

@online {GA_Pages,
	author = {Google LLC},
	title = "{The Site Content reports - Analytics Help}",
	howpublished = "\url{https://support.google.com/analytics/answer/9879857}",
	note = "(data dostępu 21.04.2021)"
}

@online {GA_Sessions,
	author = {Google LLC},
	title = "{How a web session is defined in Universal Analytics - Analytics Help}",
	howpublished = "\url{https://support.google.com/analytics/answer/2731565}",
	note = "(data dostępu 21.04.2021)"
}

@online {GA_Audiences,
	author = {Google LLC},
	title = "{The Audiences report - Analytics Help}",
	howpublished = "\url{https://support.google.com/analytics/answer/7162572}",
	note = "(data dostępu 21.04.2021)"
}

@online {GA_Funnels,
	author = {Google LLC},
	title = "{Funnel analysis - Analytics Help}",
	howpublished = "\url{https://support.google.com/analytics/answer/9327974}",
	note = "(data dostępu 21.04.2021)"
}

@online {GA_Retention,
	author = {Google LLC},
	title = "{Reporting: Retention overview - Analytics Help}",
	howpublished = "\url{https://support.google.com/analytics/answer/9355855}",
	note = "(data dostępu 21.04.2021)"
}

@online {GA_Aquisition,
	author = {Google LLC},
	title = "{Campaigns and traffic sources - Analytics Help}",
	howpublished = "\url{https://support.google.com/analytics/answer/6205762}",
	note = "(data dostępu 21.04.2021)"
}

@online {Fb_Crashlytics,
	author = {Google LLC},
	title = "{Firebase Crashlytics}",
	howpublished = "\url{https://firebase.google.com/docs/crashlytics}",
	note = "(data dostępu 21.04.2021)"
}

@online {Fb_Pref_Monitor,
	author = {Google LLC},
	title = "{Firebase Performance Monitoring}",
	howpublished = "\url{https://firebase.google.com/docs/perf-mon}",
	note = "(data dostępu 21.04.2021)"
}

@online {Fb_AB_Testing,
	author = {Google LLC},
	title = "{Firebase A/B Testing}",
	howpublished = "\url{https://firebase.google.com/docs/ab-testing}",
	note = "(data dostępu 21.04.2021)"
}

@online {Matomo_Data,
	author = {Matomo.org},
	title = "{Matomo Analytics - 100\% Data Ownership}",
	howpublished = "\url{https://matomo.org/100-data-ownership/}",
	note = "(data dostępu 21.04.2021)"
}

@online {Strava_Heatmap,
	author = {Strava, Inc},
	title = "{Strava Global Heatmap}",
	howpublished = "\url{https://www.strava.com/heatmap}",
	note = "(data dostępu 20.05.2021)"
}

@online {Strava_Military_Bases,
	author = {BBC},
	title = "{Fitness app Strava lights up staff at military bases - BBC News}",
	howpublished = "\url{https://www.bbc.com/news/technology-42853072}",
	note = "(data dostępu 7.07.2021)"
}
