@online {Heat_map_definition,
	author = {Współautorzy Wikipedii},
	title = "{Heat map - Wikipedia}",
	howpublished = "\url{https://en.wikipedia.org/wiki/Heat_map}",
	note = "(data dostępu 03.05.2021)"
}

@online {Traffic_noise_Helsinki,
	author = {Centrum Środowiska w Helsinkach},
	title = "{Traffic Noise in Helsinki}",
	howpublished = "\url{http://cloudnsci.fi/wiki/index.php?n=Archive.Traffic-Noise-in-Helsinki}",
	note = "(data dostępu 03.05.2021)"
}

@online {Hotjar_example,
	author = {David Kindness | University of St Andrews},
	title = "{How we are using Hotjar | Digital Communications team blog}",
	howpublished = "\url{https://digitalcommunications.wp.st-andrews.ac.uk/2021/01/07/how-we-are-using-hotjar-to-improve-our-web-pages/}",
	note = "(data dostępu 03.05.2021)"
}

@online {Hotjar_website,
	author = {Hotjar Ltd.},
	title = "{Hotjar: Website Heatmaps \& Behavior Analytics Tools}",
	howpublished = "\url{https://www.hotjar.com/}",
	note = "(data dostępu 03.05.2021)"
}

@online {Hotjar_limitations,
	author = {Hotjar Ltd.},
	title = "{Heatmap Limitations – Hotjar Documentation}",
	howpublished = "\url{https://help.hotjar.com/hc/en-us/articles/115011867928-Heatmap-Limitations}",
	note = "(data dostępu 03.05.2021)"
}

@online {Matomo_heatmaps,
	author = {Matomo.org},
	title = "{Heatmaps For Your Website - Easy To Use With Matomo}",
	howpublished = "\url{https://matomo.org/website-heatmaps/}",
	note = "(data dostępu 03.05.2021)"
}

@online {Matomo_hotjar,
	author = {Matomo.org},
	title = "{Matomo Analytics - Perfect Hotjar Alternative That Protects Your Data}",
	howpublished = "\url{https://matomo.org/hotjar-alternative/}",
	note = "(data dostępu 03.05.2021)"
}
